<?xml version="1.0" encoding="UTF-8"?><collection xmlns="http://www.loc.gov/MARC21/slim"><record><leader>00490nam--2200157-i-4500</leader><controlfield tag="001">000014011</controlfield><controlfield tag="002">20161230</controlfield><controlfield tag="005">20170122002859</controlfield><controlfield tag="008">060222s1000------------r-----000-0-eng-d</controlfield><datafield ind1=" " ind2=" " tag="080"><subfield code="a">515.12(061.3)</subfield></datafield><datafield ind1=" " ind2=" " tag="245"><subfield code="a">Proceedings of the International Conference on Geometric Topology, Warszawa, August 24 - September 2, 1978</subfield></datafield><datafield ind1=" " ind2=" " tag="260"><subfield code="a">Warszawa</subfield><subfield code="b">Pwn - Polish Scientific Publishers</subfield><subfield code="c">1980</subfield></datafield><datafield ind1=" " ind2=" " tag="300"><subfield code="a">467 p</subfield></datafield><datafield ind1=" " ind2=" " tag="700"><subfield code="a">Borsuk, Karol</subfield></datafield><datafield ind1=" " ind2=" " tag="852"><subfield code="a">49473</subfield><subfield code="c">515/516</subfield></datafield><datafield ind1=" " ind2=" " tag="CAT"><subfield code="a">SYS</subfield><subfield code="c">20170122</subfield><subfield code="h">002859</subfield></datafield></record></collection>